% This file was created with JabRef 2.10.
% Encoding: UTF8


@Misc{reference,
  Title                    = {The Apache HBase Reference Guide},

  Author                   = {Apache},
  HowPublished             = {\url{http://hbase.apache.org/0.94/book.html}},
  Year                     = {2015}
}

@Article{dean2008mapreduce,
  Title                    = {MapReduce: simplified data processing on large clusters},
  Author                   = {Dean, Jeffrey and Ghemawat, Sanjay},
  Journal                  = {Communications of the ACM},
  Year                     = {2008},
  Number                   = {1},
  Pages                    = {107--113},
  Volume                   = {51},

  Publisher                = {ACM}
}

@Book{Endlich2011,
  Title                    = {NoSQL: EInstieg in die Welt nichtrelationaler Web 2.0 Datenbanken},
  Author                   = {Stefan Endlich},
  Publisher                = {Hanser Verlag},
  Year                     = {2011},

  Owner                    = {mkemp},
  Timestamp                = {2016.10.25}
}

@Misc{replikation,
  Title                    = {Hadoop Distributed File System},

  Author                   = {Oliver Fischer},
  HowPublished             = {\url{https://www.heise.de/developer/artikel/Hadoop-Distributed-File-System-964808.html}},
  Year                     = {2010}
}

@Misc{hadoopConfiguration,
  Title                    = {Hadoop Cluster Setup},

  Author                   = {Apache Foundation},
  HowPublished             = {\url{https://hadoop.apache.org/docs/r2.7.3/hadoop-project-dist/hadoop-common/ClusterSetup.html}},
  Year                     = {2016}
}

@Misc{hdfsDefault,
  Title                    = {HDFS Standard-Konfiguration},

  Author                   = {Apache Foundation},
  HowPublished             = {\url{http://hadoop.apache.org/docs/r2.7.3/hadoop-project-dist/hadoop-hdfs/hdfs-default.xml}},
  Year                     = {2016}
}

@Misc{mapreduceDefault,
  Title                    = {MapReduce Standard-Konfiguration},

  Author                   = {Apache Foundation},
  HowPublished             = {\url{https://hadoop.apache.org/docs/r2.7.3/hadoop-mapreduce-client/hadoop-mapreduce-client-core/mapred-default.xml}},
  Year                     = {2016}
}

@Misc{yarnDefault,
  Title                    = {YARN Standard-Konfiguration},

  Author                   = {Apache Foundation},
  HowPublished             = {\url{https://hadoop.apache.org/docs/r2.7.3/hadoop-yarn/hadoop-yarn-common/yarn-default.xml}},
  Year                     = {2016}
}

@Misc{bigtable,
  Title                    = {Bigtable: A Distributed Storage System for Structured Data},

  Author                   = {Google},
  HowPublished             = {\url{http://static.googleusercontent.com/media/research.google.com/de//archive/bigtable-osdi06.pdf}},
  Year                     = {2006}
}

@Book{HadoopInAction,
  Title                    = {Hadoop in action},
  Author                   = {Chuck Lam},
  Publisher                = {" Manning"},
  Year                     = {2011}
}

@Misc{secNameNode,
  Title                    = {Secondary Namenode - What it really do?},

  Author                   = {Madhukar},
  HowPublished             = {\url{http://blog.madhukaraphatak.com/secondary-namenode---what-it-really-do/}},
  Year                     = {2013}
}

@Book{miner2012mapreduce,
  Title                    = {MapReduce Design Patterns: Building Effective Algorithms and Analytics for Hadoop and Other Systems},
  Author                   = {Miner, Donald and Shook, Adam},
  Publisher                = {" O'Reilly Media, Inc."},
  Year                     = {2012}
}

@Book{Redt01,
  Title                    = {Sieben Wochen, sieben Datenbanken},
  Author                   = {Redmond, Eric and Wilson, Jim R.},
  Publisher                = {O'Reilly Verlag},
  Year                     = {2012}
}

@Book{SpaOd16,
  Title                    = {Architecting HBase Applications},
  Author                   = {Jean-Marc Spaggiari and Kevin O'Dell},
  Publisher                = {O'Reilly-Verlag},
  Year                     = {2016},

  Owner                    = {jmarte},
  Timestamp                = {2016.11.05}
}

@Misc{nameNode,
  Title                    = {NameNode and DataNode},

  Author                   = {Hadoop Team},
  HowPublished             = {\url{http://hadoopinrealworld.com/namenode-and-datanode/}},
  Year                     = {2015}
}

@Book{Wartal2012,
  Title                    = {Hadoop - Zuverlässige, verteilte und skalierbare Big-Data-Anwendungen},
  Author                   = {Ramona Wartala},
  Publisher                = {Open Source Press, München},
  Year                     = {2012},

  Owner                    = {mkemp},
  Timestamp                = {2016.11.01}
}

@Misc{memoryCal,
  Title                    = {MapReduce Speicher-Berechnung},

  Author                   = {Hortonworks},
  HowPublished             = {\url{http://docs.hortonworks.com/HDPDocuments/HDP2/HDP-2.4.3/bk\_installing\_manually\_book/content/determine-hdp-memory-config.html}},
  Year                     = {2016}
}

@Misc{hbaseConfig,
  Title                    = {Hbase Standard-Konfiguration},

  Author                   = {Apache Foundation},
  HowPublished             = {\url{https://hbase.apache.org/book.html#config.files}},
  Year                     = {2016}
}

@Misc{hbasetut,
  Title                    = {Hbase Tutorial},

  Author                   = {Tutorialspoint},
  HowPublished             = {\url{https://www.tutorialspoint.com/hbase/hbase_overview.htm}},
  Year                     = {2016}
}

@Misc{HaMo,
  Title                    = {Hadoop-Module},

  Author                   = {Spec Infotech},
  HowPublished             = {\url{https://www.linkedin.com/pulse/managing-big-data-apache-hadoop-spec-infotech}},
  Year                     = {2014}
}

@Misc{mrunit,
  Title                    = {MRUnit Test-Framework},

  Author                   = {Apache Foundation},
  HowPublished             = {\url{https://mrunit.apache.org/}},
  Year                     = {2016}
}

@Misc{compWo,
  Title                    = {Datenflut bereitet NoSQL den Weg},

  Author                   = {Eberhard Wolff, Kai Spichale, Thomas  Westphal und Andreas Hartmann},
  HowPublished             = {\url{http://www.computerwoche.de/a/datenflut-bereitet-nosql-den-weg,2489786,4}},
  Year                     = {2013}
}

@Misc{clo11,
  Title                    = {Chicago Data Summit: Apache HBase: An Introduction},

  Author                   = {Cloudera},
  HowPublished             = {\url{http://www.slideshare.net/cloudera/chicago-data-summit-apache-hbase-an-introduction}},
  Year                     = {2011}
}

@Misc{carmc,
  Title                    = {An In-Depth Look at the HBase Architecture},

  Author                   = {Carol McDonald},
  HowPublished             = {\url{https://www.mapr.com/blog/in-depth-look-hbase-architecture}},
  Year                     = {2015}
}

@Misc{clo13,
  Title                    = {HBase Storage Internals},

  Author                   = {Cloudera},
  HowPublished             = {\url{http://de.slideshare.net/Hadoop_Summit/hbase-storage-internals}},
  Year                     = {2013}
}

@Misc{en16,
  Title                    = {Apache Phoenix and HBase: Past, Present and Future of SQL over HBase},

  Author                   = {Enis Soztutar, Ankit Singhal},
  HowPublished             = {\url{ http://de.slideshare.net/HadoopSummit/apache-phoenix-and-hbase-past-present-and-future-of-sql-over-hbase-67929048}},
  Year                     = {2016}
}

@Misc{en15,
  Title                    = {The Apache Software Foundation},

  Author                   = {Enis Soztutar},
  HowPublished             = {\url{https://blogs.apache.org/hbase/entry/start_of_a_new_era}},
  Year                     = {2015}
}

@online{youspark,
        title = {Apache Spark on Apache HBase: Current and Future},
        date = {2016},
        organization = {Youtube},
        author = {Ted Malaska, Jean-Marc Spaggiari, Zhan Zhang},
        url = {https://www.youtube.com/watch?v=C5fJcv75eJY},
 }


@online{youportf,
        title = {HBase In Hadoop | HBase Tutorial For Beginners},
        date = {2015},
        organization = {Youtube},
        author = {SimpliLearn},
        url = {https://www.youtube.com/watch?v=C3ilG2-tIn0&t=148s},
 }
 
 @online{youintr,
        title = {Introduction zo HBase},
        date = {2014},
        organization = {Youtube},
        author = {Hadoop Online Training},
        url = {https://www.youtube.com/watch?v=7AieO1vCUCQ},
 }
 
 http://de.slideshare.net/HadoopSummit/apache-phoenix-and-hbase-past-present-and-future-of-sql-over-hbase-67929048
 