% This file was created with JabRef 2.10.
% Encoding: UTF8


@Article{dean2008mapreduce,
  Title                    = {MapReduce: simplified data processing on large clusters},
  Author                   = {Dean, Jeffrey and Ghemawat, Sanjay},
  Journal                  = {Communications of the ACM},
  Year                     = {2008},
  Number                   = {1},
  Pages                    = {107--113},
  Volume                   = {51},

  Publisher                = {ACM}
}

@Book{Endlich2011,
  Title                    = {NoSQL: EInstieg in die Welt nichtrelationaler Web 2.0 Datenbanken},
  Author                   = {Stefan Endlich},
  Publisher                = {Hanser Verlag},
  Year                     = {2011},

  Owner                    = {mkemp},
  Timestamp                = {2016.10.25}
}

@Book{redmont01,
  Title                    = {Sieben Wochen, sieben Datenbanken},
  Author                   = {Redmond, Eric and Wilson, Jim R.},
  Publisher                = {O'Reilly Verlag},
  Year                     = {2012}
}

@Book{Wartal2012,
  Title                    = {Hadoop - Zuverlässige, verteilte und skalierbare Big-Data-Anwendungen},
  Author                   = {Ramona Wartala},
  Publisher                = {Open Source Press, München},
  Year                     = {2012},

  Owner                    = {mkemp},
  Timestamp                = {2016.11.01}
}

